@inproceedings{zhang2014survey,
	title={A survey on security and trust of FPGA-based systems},
	author={Zhang, Jiliang and Qu, Gang},
	booktitle={2014 International Conference on Field-Programmable Technology (FPT)},
	pages={147--152},
	year={2014},
	organization={IEEE}
}
@article{jacob2014hardware,
	title={Hardware Trojans: current challenges and approaches},
	author={Jacob, Nisha and Merli, Dominik and Heyszl, Johann and Sigl, Georg},
	journal={IET Computers \& Digital Techniques},
	volume={8},
	number={6},
	pages={264--273},
	year={2014},
	publisher={Wiley Online Library}
}
@article{king2008designing,
	title={Designing and Implementing Malicious Hardware.},
	author={King, Samuel T and Tucek, Joseph and Cozzie, Anthony and Grier, Chris and Jiang, Weihang and Zhou, Yuanyuan},
	journal={Leet},
	volume={8},
	pages={1--8},
	year={2008}
}
@inproceedings{qu2014design,
	title={Design THINGS for the Internet of Things—An EDA perspective},
	author={Qu, Gang and Yuan, Lin},
	booktitle={2014 IEEE/ACM international conference on Computer-Aided Design (ICCAD)},
	pages={411--416},
	year={2014},
	organization={IEEE}
}
@misc{skorobogatovhardware,
	title={Hardware assurance and its importance to national security (2012)},
	author={Skorobogatov, S}
}
@inproceedings{wang2008detecting,
	title={Detecting malicious inclusions in secure hardware: Challenges and solutions},
	author={Wang, Xiaoxiao and Tehranipoor, Mohammad and Plusquellic, Jim},
	booktitle={2008 IEEE International Workshop on Hardware-Oriented Security and Trust},
	pages={15--19},
	year={2008},
	organization={IEEE}
}
@inproceedings{jha2008randomization,
	title={Randomization based probabilistic approach to detect trojan circuits},
	author={Jha, Susmit and Jha, Sumit Kumar},
	booktitle={2008 11th IEEE High Assurance Systems Engineering Symposium},
	pages={117--124},
	year={2008},
	organization={IEEE}
}
@inproceedings{wolff2008towards,
	title={Towards Trojan-free trusted ICs: Problem analysis and detection scheme},
	author={Wolff, Francis and Papachristou, Chris and Bhunia, Swarup and Chakraborty, Rajat S},
	booktitle={Proceedings of the conference on Design, automation and test in Europe},
	pages={1362--1365},
	year={2008}
}
@inproceedings{banga2008region,
	title={A region based approach for the identification of hardware Trojans},
	author={Banga, Mainak and Hsiao, Michael S},
	booktitle={2008 IEEE International Workshop on Hardware-Oriented Security and Trust},
	pages={40--47},
	year={2008},
	organization={IEEE}
}

@inproceedings{banga2009novel,
	title={A novel sustained vector technique for the detection of hardware Trojans},
	author={Banga, Mainak and Hsiao, Michael S},
	booktitle={2009 22nd international conference on VLSI design},
	pages={327--332},
	year={2009},
	organization={IEEE}
}
@article{subramani2020amplitude,
	title={Amplitude-modulating analog/rf hardware trojans in wireless networks: Risks and remedies},
	author={Subramani, Kiruba Sankaran and Helal, Noha and Antonopoulos, Angelos and Nosratinia, Aria and Makris, Yiorgos},
	journal={IEEE Transactions on Information Forensics and Security},
	volume={15},
	pages={3497--3510},
	year={2020},
	publisher={IEEE}
}
@inproceedings{ghandali2016design,
	title={A design methodology for stealthy parametric trojans and its application to bug attacks},
	author={Ghandali, Samaneh and Becker, Georg T and Holcomb, Daniel and Paar, Christof},
	booktitle={Cryptographic Hardware and Embedded Systems--CHES 2016: 18th International Conference, Santa Barbara, CA, USA, August 17-19, 2016, Proceedings 18},
	pages={625--647},
	year={2016},
	organization={Springer}
}
@inproceedings{yang2016a2,
	title={A2: Analog malicious hardware},
	author={Yang, Kaiyuan and Hicks, Matthew and Dong, Qing and Austin, Todd and Sylvester, Dennis},
	booktitle={2016 IEEE symposium on security and privacy (SP)},
	pages={18--37},
	year={2016},
	organization={IEEE}
}
@INPROCEEDINGS{4559047a,
	author={Banga, Mainak and Hsiao, Michael S.},
	booktitle={2008 IEEE International Workshop on Hardware-Oriented Security and Trust}, 
	title={A region based approach for the identification of hardware Trojans}, 
	year={2008},
	volume={},
	number={},
	pages={40-47},
	doi={10.1109/HST.2008.4559047}}
	@ARTICLE{7086012,
		author={Zhang, Jie and Yuan, Feng and Wei, Linxiao and Liu, Yannan and Xu, Qiang},
		journal={IEEE Transactions on Computer-Aided Design of Integrated Circuits and Systems}, 
		title={VeriTrust: Verification for Hardware Trust}, 
		year={2015},
		volume={34},
		number={7},
		pages={1148-1161},
		doi={10.1109/TCAD.2015.2422836}}
		@ARTICLE{6856140,
			author={Bhunia, Swarup and Hsiao, Michael S. and Banga, Mainak and Narasimhan, Seetharam},
			journal={Proceedings of the IEEE}, 
			title={Hardware Trojan Attacks: Threat Analysis and Countermeasures}, 
			year={2014},
			volume={102},
			number={8},
			pages={1229-1247},
			doi={10.1109/JPROC.2014.2334493}}
			@ARTICLE{8952724,
				author={Huang, Zhao and Wang, Quan and Chen, Yin and Jiang, Xiaohong},
				journal={IEEE Access}, 
				title={A Survey on Machine Learning Against Hardware Trojan Attacks: Recent Advances and Challenges}, 
				year={2020},
				volume={8},
				number={},
				pages={10796-10826},
				doi={10.1109/ACCESS.2020.2965016}}
			
		@article{insert01,
			author = {Jacob, Nisha and Merli, Dominik and Heyszl, Johann and Sigl, Georg},
			title = {Hardware Trojans: current challenges and approaches},
			journal = {IET Computers \& Digital Techniques},
			volume = {8},
			number = {6},
			pages = {264-273},
			doi = {https://doi.org/10.1049/iet-cdt.2014.0039},
			url = {https://ietresearch.onlinelibrary.wiley.com/doi/abs/10.1049/iet-cdt.2014.0039},
			year = {2014}
		}
		@INPROCEEDINGS{4559059,
			author={Alkabani, Yousra and Koushanfar, Farinaz},
			booktitle={2008 IEEE International Workshop on Hardware-Oriented Security and Trust}, 
			title={Extended abstract: Designer’s hardware Trojan horse}, 
			year={2008},
			volume={},
			number={},
			pages={82-83},
			}
			@ARTICLE{9956883,
				author={Perez, Tiago D. and Pagliarini, Samuel},
				journal={IEEE Transactions on Computer-Aided Design of Integrated Circuits and Systems}, 
				title={Hardware Trojan Insertion in Finalized Layouts: From Methodology to a Silicon Demonstration}, 
				year={2023},
				volume={42},
				number={7},
				pages={2094-2107},
				keywords={Trojan horses;Layout;Integrated circuits;Foundries;Computer architecture;Clocks;Microprocessors;ASIC;hardware security;hardware trojan (HT) horse;manufacturing-time attack;side-channel trojan (SCT);VLSI},
				doi={10.1109/TCAD.2022.3223846}}
				@ARTICLE{7792718,
					author={Liu, Yu and Jin, Yier and Nosratinia, Aria and Makris, Yiorgos},
					journal={IEEE Transactions on Very Large Scale Integration (VLSI) Systems}, 
					title={Silicon Demonstration of Hardware Trojan Design and Detection in Wireless Cryptographic ICs}, 
					year={2017},
					volume={25},
					number={4},
					pages={1506-1519},
					keywords={Hardware;Trojan horses;Integrated circuits;Wireless communication;Silicon;Encryption;hardware Trojan detection;side-channel fingerprinting;wireless cryptographic integrated circuit (IC)},
					doi={10.1109/TVLSI.2016.2633348}}
				@INPROCEEDINGS{7092492,
						author={Ngo, X-T. and Exurville, I. and Bhasin, S. and Danger, J-L. and Guilley, S. and Najm, Z. and Rigaud, J-B. and Robisson, B.},
						 
						title={Hardware Trojan detection by delay and electromagnetic measurements}, 
						year={2015},
						volume={},
						number={},
						pages={782-787},
						keywords={Delays;Field programmable gate arrays;Clocks;Trojan horses;Registers;Noise},
						doi={10.7873/DATE.2015.1103}}
						@INPROCEEDINGS{7546493,
							author={Yang, Kaiyuan and Hicks, Matthew and Dong, Qing and Austin, Todd and Sylvester, Dennis},
							booktitle={2016 IEEE Symposium on Security and Privacy (SP)}, 
							title={A2: Analog Malicious Hardware}, 
							year={2016},
							volume={},
							number={},
							pages={18-37},
							keywords={Hardware;Capacitors;Trojan horses;Fabrication;Integrated circuit modeling;Transistors;Wires;analog;attack;malicious hardware;security;Trojan},
							doi={10.1109/SP.2016.10}}
						@inproceedings{cruz2022machine,
							title={A Machine Learning Based Automatic Hardware Trojan Attack Space Exploration and Benchmarking Framework},
							author={Cruz, Jonathan and Gaikwad, Pravin and Nair, Abhishek and Chakraborty, Prabuddha and Bhunia, Swarup},
							booktitle={2022 Asian Hardware Oriented Security and Trust Symposium (AsianHOST)},
							pages={1--6},
							year={2022},
							organization={IEEE}
						}
						@inproceedings{smith2007detecting,
							title={Detecting malicious logic through structural checking},
							author={Smith, Scott C and Di, Jia},
							booktitle={2007 IEEE Region 5 Technical Conference},
							pages={217--222},
							year={2007},
							organization={IEEE}
						}
						@inproceedings{abramovici2009integrated,
							title={Integrated circuit security: new threats and solutions},
							author={Abramovici, Miron and Bradley, Paul},
							booktitle={Proceedings of the 5th Annual Workshop on Cyber Security and Information Intelligence Research: Cyber Security and Information Intelligence Challenges and Strategies},
							pages={1--3},
							year={2009}
						}
					
				
			
		
		
		
	

%@INPROCEEDINGS{9245675,
%	author={Hayashi, Yuichi and Kawamura, Shinichi},
%	booktitle={2020 International Symposium on Electromagnetic Compatibility - EMC EUROPE}, 
%	title={Survey of Hardware Trojan Threats and Detection}, 
%	year={2020},
%	volume={},
%	number={},
%	pages={1-5},
%	doi={10.1109/EMCEUROPE48519.2020.9245675}}
%










